@article{bergmans_2021_on,
  author = {Bergmans, Laura and Bouali, Nacir and Luttikhuis, Marloes and Rensink, Arend},
  pages = {279-290},
  title = {On the Efficacy of Online Proctoring using Proctorio},
  doi = {10.5220/0010399602790290},
  volume = {1},
  year = {2021},
  journal = {Proceedings of the 13th International Conference on Computer Supported Education}
}

@misc{bertocci_auth0,
  author = {Bertocci, Vittorio},
  publisher = {Okta},
  title = {Auth0 | OAuth2 and OpenID Connect: The Professional Guide},
  url = {https://auth0.com/resources/ebooks/oauth-openid-connect-professional-guide},
  urldate = {2023-06-11},
  organization = {Auth0}
}
 
@article{bangor_kortum_miller_2009,
  author = {Bangor, Aaron and Kortum, Philip and Miller, James},
  pages = {114–123},
  title = {Determining What Individual SUS
Scores Mean: Adding an Adjective
Rating Scale},
  year = {2009},
  journal = {Journal of Usability Studies}
}

@misc{chromedevelopers_2022_chrome,
  author = {Chrome Developers},
  month = {10},
  title = {Chrome Extensions 101},
  url = {https://developer.chrome.com/docs/extensions/mv3/getstarted/extensions-101/},
  year = {2022},
  organization = {Chrome Developers}
}

@proceedings{dhiman_0_a,
  author = {Dhiman, R and A. Basral and Jaswanti},
  pages = {1-3},
  title = {A New Android Application (Breeze) for College Management System},
  doi = {10.1109/ICCMC.2019.8819787},
  year = {0},
  organization = {2019 3rd International Conference on Computing Methodologies and Communication (ICCMC)}
}

@misc{firebase_2019_firebase,
  author = {Firebase},
  month = {03},
  title = {Firebase Authentication  |  Firebase},
  url = {https://firebase.google.com/docs/auth/},
  year = {2019},
  organization = {Firebase}
}

@book{flair_2023_electronic,
  author = {Flair, I},
  month = {01},
  publisher = {Salem Press},
  title = {Electronic authentication.},
  year = {2023},
  organization = {Salem Press Encyclopedia}
}

@misc{hodges_2020_the,
  author = {Hodges, Charles and Moore, Stephanie and Lockee, Barb and Trust, Torrey and Bond, Aaron},
  month = {03},
  title = {The Difference Between Emergency Remote Teaching and Online Learning},
  url = {https://er.educause.edu/articles/2020/3/the-difference-between-emergency-remote-teaching-and-online-learning},
  year = {2020},
  organization = {Educase}
}

@article{hussein_2020_an,
  author = {Hussein, Mohammed Juned and Yusuf, Javed and Deb, Arpana Sandhya and Fong, Letila and Naidu, Som},
  month = {12},
  pages = {509},
  title = {An Evaluation of Online Proctoring Tools},
  doi = {10.5944/openpraxis.12.4.1113},
  urldate = {2021-01-28},
  volume = {12},
  year = {2020},
  journal = {Open Praxis}
}

@article{kapoor_2020_augmented,
  author = {Kapoor, Varun and Naik, Praveen},
  number = {3},
  publisher = {Springer-Verlag},
  title = {Augmented reality-enabled education for middle schools},
  doi = {10.1007/s42979-020-00155-6},
  url = {https://doi.org/10.1007/s42979-020-00155-6},
  volume = {1},
  year = {2020},
  journal = {SN Comput. Sci.}
}

@article{kora_2022_a,
  author = {Korać, Dragan and Damjanović, Boris and Simić, Dejan},
  pages = {3325-3354},
  title = {A model of digital identity for better information security in elearning systems},
  doi = {10.1007/s11227021039814},
  url = {https://doi.org/10.1007/s11227021039814},
  volume = {78},
  year = {2022},
  journal = {The Journal of Supercomputing}
}

@misc{krebs_2019_the,
  author = {Krebs, Bruno},
  month = {11},
  publisher = {Okta},
  title = {The OpenID Connect Handbook},
  url = {https://auth0.com/blog/the-openid-connect-handbook/},
  year = {2019},
  organization = {Auth0 - Blog}
}

@proceedings{makhlouf_2022_a,
  author = {Makhlouf, Jihed and Arakawa, Yutaka and Watanabe, Ko},
  editor = {Hara, Takahiro and Yamaguchi, Hirozumi},
  pages = {783-796},
  publisher = {Springer International Publishing},
  title = {A PrivacyAware Browser Extension to Track User Search Behavior for Programming Course Supplement},
  year = {2022},
  organization = {Mobile and Ubiquitous Systems: Computing, Networking and Services}
}

@misc{moodledocumentation_authentication,
  author = {Moodle Documentation},
  publisher = {Moodle},
  title = {Authentication - MoodleDocs},
  url = {https://docs.moodle.org/402/en/Authentication},
  organization = {Moodle Docs 4.2}
}

@article{mphahlele_2020_online,
  author = {Mphahlele, Ramashego Shila},
  pages = {1-18},
  title = {Online Learning Support in a Ubiquitous Learning Environment},
  doi = {10.4018/978-1-5225-9779-7.ch001},
  urldate = {2022-05-18},
  year = {2020},
  journal = {Managing and Designing Online Courses in Ubiquitous Learning Environments}
}

@article{nguyen_2022_a,
  author = {Nguyen, Philip},
  title = {A Study on Implementing Moodle Learning Management System (LMS) into the Classroom},
  year = {2022},
  journal = {敬和学園大学研究紀要= Bulletin of Keiwa College/敬和学園大学 編, (31), 95-108.}
}

@article{ntantinakis_2020_implementation,
  author = {Ntantinakis, Nikolaos},
  month = {05},
  title = {Implementation of a serious educational web-based game for java programming tutorial.},
  url = {https://apothesis.lib.hmu.gr/handle/20.500.12688/9410},
  urldate = {2023-06-11},
  year = {2020},
  journal = {apothesis.lib.hmu.gr}
}

@article{nurunnabi_2019_data,
  author = {Nurunnabi, Mohammad and Hossain, Monirul Alam},
  month = {01},
  pages = {108-122},
  title = {Data falsification and question on academic integrity},
  doi = {10.1080/08989621.2018.1564664},
  urldate = {2020-08-07},
  volume = {26},
  year = {2019},
  journal = {Accountability in Research}
}

@article{okada_2019_eauthentication,
  author = {Okada, Alexandra and Whitelock, Denise and Holmes, Wayne and Edwards, Chris},
  number = {2},
  pages = {861-875},
  title = {e-Authentication for online assessment: A mixed-method study},
  doi = {https://doi.org/10.1111/bjet.12608},
  url = {https://bera-journals.onlinelibrary.wiley.com/doi/abs/10.1111/bjet.12608},
  volume = {50},
  year = {2019},
  journal = {British Journal of Educational Technology}
}

@misc{olorunjubejamesfalana_2021_selms,
  author = {Olorunjube James Falana and Ife Olalekan Ebo and Ifeanyi Shadrach Odom},
  title = {Se-LMS: Secured learning management systems for smart school},
  year = {2021},
  organization = {International Journal of Software Engineering and Computer Systems}
}

@article{purpura_2021_conversion,
  author = {Purpura, James E and Davoodifard, Mashad and Voss, Erik},
  pages = {42-50},
  publisher = {Routledge},
  title = {Conversion to Remote Proctoring of the Community English Language Program Online Placement Exam at Teachers College, Columbia University},
  doi = {10.1080/15434303.2020.1867145},
  url = {https://doi.org/10.1080/15434303.2020.1867145},
  volume = {18},
  year = {2021},
  journal = {Language Assessment Quarterly}
}

@article{reedy_2021_responding,
  author = {Reedy, Alison and Pfitzner, Darius and Rook, Laura and Ellis, Leonie},
  month = {03},
  title = {Responding to the COVID-19 emergency: student and academic staff perceptions of academic integrity in the transition to online exams at three Australian universities},
  doi = {10.1007/s40979-021-00075-9},
  urldate = {2021-04-09},
  volume = {17},
  year = {2021},
  journal = {International Journal for Educational Integrity}
}

@inbook{riti_2018_identity,
  author = {Riti, Pierluigi},
  pages = {223–244},
  publisher = {Apress},
  title = {Identity and access management with google cloud platform},
  doi = {10.1007/978-1-4842-3897-4₉},
  url = {https://doi.org/10.1007/978-1-4842-3897-4₉},
  year = {2018},
  organization = {pro DevOps with Google Cloud Platform},
  series = {pro DevOps with Google Cloud Platform}
}

@proceedings{skariyawasam_0_standalone,
  author = {S. Kariyawasam and A. Lakshan and A. Liyanage and K. Gimhana and V. Piyawardana and Y. Mallawarachchi},
  pages = {311-316},
  title = {Standalone Application and Chromium Browser Extensionbased System for Online Examination Cheating Detection},
  doi = {10.1109/ICAC54203.2021.9671103},
  year = {0},
  organization = {2021 3rd International Conference on Advancements in Computing (ICAC)}
}

@article{sharma_2019_firebase,
  author = {Sharma, Divya and Dand, Hiren},
  month = {06},
  pages = {1-6},
  title = {Firebase as BaaS for College Android Application},
  doi = {10.5120/ijca2019918977},
  volume = {178},
  year = {2019},
  journal = {International Journal of Computer Applications}
}

@article{solano_2021_combining,
  author = {Solano, Jesus and Camacho, Luis and Correa, Alejandro and Deiro, Claudio and Vargas, Javier and Ochoa, Martín},
  number = {2},
  pages = {181–197},
  publisher = {Springer-Verlag},
  title = {Combining behavioral biometrics and session context analytics to enhance risk-based static authentication in web applications},
  doi = {10.1007/s10207-020-00510-x},
  url = {https://doi.org/10.1007/s10207-020-00510-x},
  volume = {20},
  year = {2021},
  journal = {Int. J. Inf. Secur.}
}

@misc{sauro_2011, title={MeasuringU: Measuring Usability with the System Usability Scale (SUS)}, url={https://measuringu.com/sus/}, journal={MeasuringU.com}, author={`Sauro, Jeff`}, year={2011} }

@article{sujanani_2018_implementation,
  author = {Sujanani, Tarun and Vinod, Smitha},
  month = {03},
  pages = {153},
  title = {Implementation of OpenIdconnect and OAuth 2.0 to create SSO for educational institutes},
  doi = {10.14419/ijet.v7i2.6.10142},
  urldate = {2019-08-18},
  volume = {7},
  year = {2018},
  journal = {International Journal of Engineering & Technology}
}

@proceedings{tentea_2019_online,
  author = {Tentea, Elena-Carmen and Ionescu, Valeriu Manuel},
  month = {06},
  pages = {1–6},
  title = {Online quiz implementation using blockchain technology for result tampering prevention},
  doi = {10.1109/ECAI46879.2019.9041980},
  url = {https://ieeexplore.ieee.org/abstract/document/9041980},
  year = {2019},
  organization = {IEEE Xplore}
}

@misc{what,
  title = {What is a Session Cookie?},
  url = {https://www.cookiepro.com/knowledge/what-is-a-session-cookie/},
  organization = {CookiePro}
}

@proceedings{wiefling_2019_is,
  author = {Wiefling, Stephan and Iacono, Lo and Dürmuth, Markus},
  editor = {Dhillon, Gurpreet and Karlsson, Fredrik and Hedström, Karin and Zúquete, André},
  pages = {134-148},
  publisher = {Springer International Publishing},
  title = {Is This Really You? An Empirical Study on RiskBased Authentication Applied in the Wild},
  year = {2019},
  organization = {ICT Systems Security and Privacy Protection}
}

@article{wiefling_2022_pump,
  author = {Wiefling, Stephan and Jørgensen, Paul René and Thunem, Sigurd and Iacono, Luigi Lo},
  number = {1},
  publisher = {Association for Computing Machinery},
  title = {Pump up password security! Evaluating and enhancing risk-based authentication on a real-world large-scale online service},
  doi = {10.1145/3546069},
  url = {https://doi.org/10.1145/3546069},
  volume = {26},
  year = {2022},
  journal = {ACM Trans. Priv. Secur.}
}